@book{QCQI ,
author = {M A Nielsen, I L Chuang},
title = {Quantum Computation and Quantum Information 10:th Anniversary Edition},
edition = {1},
publisher = {Cambridge University Press},
address = {Padstow UK},
year = {2010}
}

@book{EIQC ,
author = {C P Williams},
title = {Explorations in Quantum Computation},
edition = {2},
publisher = {Springer},
address = {New York US},
year = {2011}
}

@book{CCAMA, 
Author = {S Arora, B Barak},
title = {Computational Complexity a Modern Approach},
edition = {1},
publisher = {Cambridge University Press},
address = {Cambridge, UK},
year = {2011}
}